@misc{Luger2021,
  author       = {{Luger}, Rodrigo},
  title        = {showyourwork},
  year         = {2021},
  publisher    = {GitHub},
  journal      = {GitHub repository},
  howpublished = {\url{https://github.com/rodluger/showyourwork}},
  commit       = {main}
}

@ARTICLE{Farr2019,
       author = {{Farr}, Will M. and {Fishbach}, Maya and {Ye}, Jiani and {Holz}, Daniel E.},
        title = "{A Future Percent-level Measurement of the Hubble Expansion at Redshift 0.8 with Advanced LIGO}",
      journal = {\apjl},
     keywords = {Hubble constant, Gravitational wave astronomy, Distance measure, 758, 675, 395, Astrophysics - Cosmology and Nongalactic Astrophysics, Astrophysics - High Energy Astrophysical Phenomena},
         year = 2019,
        month = oct,
       volume = {883},
       number = {2},
          eid = {L42},
        pages = {L42},
          doi = {10.3847/2041-8213/ab4284},
archivePrefix = {arXiv},
       eprint = {1908.09084},
 primaryClass = {astro-ph.CO},
       adsurl = {https://ui.adsabs.harvard.edu/abs/2019ApJ...883L..42F},
      adsnote = {Provided by the SAO/NASA Astrophysics Data System}
}

@ARTICLE{Fishbach2018,
       author = {{Fishbach}, Maya and {Holz}, Daniel E. and {Farr}, Will M.},
        title = "{Does the Black Hole Merger Rate Evolve with Redshift?}",
      journal = {\apjl},
     keywords = {binaries: general, gravitational waves, methods: data analysis, stars: black holes, stars: massive, Astrophysics - High Energy Astrophysical Phenomena, General Relativity and Quantum Cosmology},
         year = 2018,
        month = aug,
       volume = {863},
       number = {2},
          eid = {L41},
        pages = {L41},
          doi = {10.3847/2041-8213/aad800},
archivePrefix = {arXiv},
       eprint = {1805.10270},
 primaryClass = {astro-ph.HE},
       adsurl = {https://ui.adsabs.harvard.edu/abs/2018ApJ...863L..41F},
      adsnote = {Provided by the SAO/NASA Astrophysics Data System}
}

@ARTICLE{Pardo2018,
       author = {{Pardo}, Kris and {Fishbach}, Maya and {Holz}, Daniel E. and {Spergel}, David N.},
        title = "{Limits on the number of spacetime dimensions from GW170817}",
      journal = {\jcap},
     keywords = {General Relativity and Quantum Cosmology, Astrophysics - Cosmology and Nongalactic Astrophysics},
         year = 2018,
        month = jul,
       volume = {2018},
       number = {7},
          eid = {048},
        pages = {048},
          doi = {10.1088/1475-7516/2018/07/048},
archivePrefix = {arXiv},
       eprint = {1801.08160},
 primaryClass = {gr-qc},
       adsurl = {https://ui.adsabs.harvard.edu/abs/2018JCAP...07..048P},
      adsnote = {Provided by the SAO/NASA Astrophysics Data System}
}

@ARTICLE{GW170817_multi,
       author = {{Abbott}, B.~P. and {Abbott}, R. and {Abbott}, T.~D. and {Acernese}, F. and {Ackley}, K. and {Adams}, C. and {Adams}, T. and {Addesso}, P. and {Adhikari}, R.~X. and {Adya}, V.~B. and et al.},
        title = "{Gravitational Waves and Gamma-Rays from a Binary Neutron Star Merger: GW170817 and GRB 170817A}",
      journal = {\apjl},
     keywords = {binaries: close, gamma-ray burst: general, gravitational waves, Astrophysics - High Energy Astrophysical Phenomena, General Relativity and Quantum Cosmology},
         year = 2017,
        month = oct,
       volume = {848},
       number = {2},
          eid = {L13},
        pages = {L13},
          doi = {10.3847/2041-8213/aa920c},
archivePrefix = {arXiv},
       eprint = {1710.05834},
 primaryClass = {astro-ph.HE},
       adsurl = {https://ui.adsabs.harvard.edu/abs/2017ApJ...848L..13A},
      adsnote = {Provided by the SAO/NASA Astrophysics Data System}
}

@ARTICLE{GW170817_gws,
       author = {{Abbott}, B.~P. and {Abbott}, R. and {Abbott}, T.~D. and {Acernese}, F. and {Ackley}, K. and {Adams}, C. and {Adams}, T. and {Addesso}, P. and {Adhikari}, R.~X. and {Adya}, V.~B. and et al.},
        title = "{GW170817: Observation of Gravitational Waves from a Binary Neutron Star Inspiral}",
      journal = {\prl},
     keywords = {General Relativity and Quantum Cosmology, Astrophysics - High Energy Astrophysical Phenomena},
         year = 2017,
        month = oct,
       volume = {119},
       number = {16},
          eid = {161101},
        pages = {161101},
          doi = {10.1103/PhysRevLett.119.161101},
archivePrefix = {arXiv},
       eprint = {1710.05832},
 primaryClass = {gr-qc},
       adsurl = {https://ui.adsabs.harvard.edu/abs/2017PhRvL.119p1101A},
      adsnote = {Provided by the SAO/NASA Astrophysics Data System}
}
@ARTICLE{GW170817_h0,
       author = {{Abbott}, B.~P. and {Abbott}, R. and {Abbott}, T.~D. and {Acernese}, F. and {Ackley}, K. and {Adams}, C. and {Adams}, T. and {Addesso}, P. and {Adhikari}, R.~X. and {Adya}, V.~B. and et al.},
        title = "{A gravitational-wave standard siren measurement of the Hubble constant}",
      journal = {\nat},
     keywords = {Astrophysics - Cosmology and Nongalactic Astrophysics},
         year = 2017,
        month = nov,
       volume = {551},
       number = {7678},
        pages = {85-88},
          doi = {10.1038/nature24471},
archivePrefix = {arXiv},
       eprint = {1710.05835},
 primaryClass = {astro-ph.CO},
       adsurl = {https://ui.adsabs.harvard.edu/abs/2017Natur.551...85A},
      adsnote = {Provided by the SAO/NASA Astrophysics Data System}
}

@ARTICLE{Lagos2019,
       author = {{Lagos}, Macarena and {Fishbach}, Maya and {Landry}, Philippe and {Holz}, Daniel E.},
        title = "{Standard sirens with a running Planck mass}",
      journal = {\prd},
     keywords = {Astrophysics - Cosmology and Nongalactic Astrophysics},
         year = 2019,
        month = apr,
       volume = {99},
       number = {8},
          eid = {083504},
        pages = {083504},
          doi = {10.1103/PhysRevD.99.083504},
archivePrefix = {arXiv},
       eprint = {1901.03321},
 primaryClass = {astro-ph.CO},
       adsurl = {https://ui.adsabs.harvard.edu/abs/2019PhRvD..99h3504L},
      adsnote = {Provided by the SAO/NASA Astrophysics Data System}
}

@ARTICLE{GW170817_grtest,
       author = {{Abbott}, B.~P. and {Abbott}, R. and {Abbott}, T.~D. and {Acernese}, F. and {Ackley}, K. and {Adams}, C. and {Adams}, T. and {Addesso}, P. and {Adhikari}, R.~X. and {Adya}, V.~B. and et al.},
        title = "{Tests of General Relativity with GW170817}",
      journal = {\prl},
     keywords = {General Relativity and Quantum Cosmology},
         year = 2019,
        month = jul,
       volume = {123},
       number = {1},
          eid = {011102},
        pages = {011102},
          doi = {10.1103/PhysRevLett.123.011102},
archivePrefix = {arXiv},
       eprint = {1811.00364},
 primaryClass = {gr-qc},
       adsurl = {https://ui.adsabs.harvard.edu/abs/2019PhRvL.123a1102A},
      adsnote = {Provided by the SAO/NASA Astrophysics Data System}
}
